@inproceedings{virtplatform,
  added-at = {2010-03-20T05:19:16.000+0100},
  address = {San Diego, CA, USA},
  author = {Stewart, Kyle E. and Humphries, Jeffrey W. and Andel, Todd R.},
  biburl = {http://www.bibsonomy.org/bibtex/256ba823d446b1e2bcd8c6dfc5357daf2/socialweblei},
  booktitle = {SpringSim '09: Proceedings of the 2009 Spring Simulation Multiconference},
  interhash = {39e77087bd31f2c3f4886b905514e558},
  intrahash = {56ba823d446b1e2bcd8c6dfc5357daf2},
  keywords = {Lecture-9},
  location = {San Diego, California},
  pages = {1--7},
  publisher = {Society for Computer Simulation International},
  timestamp = {2010-03-20T05:19:16.000+0100},
  title = {Developing a virtualization platform for courses in networking, systems administration and cyber security education},
  year = 2009
}

@article{willems2008tele,
  title={Tele-Lab IT-Security: An Architecture for an Online Virtual IT Security Lab},
  author={Willems, Christian and Meinel, Christoph},
  journal={International Journal of Online Engineering},
  volume={4},
  number={2},
  year= 2008
}

@online{thelabs,
  author = {Maxim Timchenko and David Starobinski},
  title = {EC~521 Cybersecurity Lab Assignments},
  year = 2014,
  url = {http://github.com/maxvt/cyberlabs},
  urldate = {2014-11-20}
}

@online{kali,
  author = {Offensive Security Ltd.},
  title = {Kali Linux},
  year = 2014,
  url = {http://www.kali.org},
  urldate = {2014-03-05}
}

@online{metavm,
  author = {HD Moore},
  title = {Metasploitable 2 Exploitability Guide},
  year = 2012,
  url = {https://community.rapid7.com/docs/DOC-1875},
  urldate = {2014-03-05}
}

@online{tpolice,
%  author = {Simon},
  title = {Some VMWare Images},
  year = {2013},
  url = {http://www.thoughtpolice.co.uk/vmware/},
  urldate = {2014-03-05}
}

@article{seed11,
  title={SEED: hands-on lab exercises for computer security education},
  author={Du, Wenliang},
  journal={Security \& Privacy, IEEE},
  volume={9},
  number={5},
  pages={70--73},
  year={2011},
  publisher={IEEE}
}

@inproceedings{hackademic,
  title={A Hacker's Perspective on Educating Future Security Experts},
  author={Papanikolaou, Alexandros and Karakoidas, Vassilios and Vlachos, Vasileios and Venieris, Andreas and Ilioudis, Christos and Zouganelis, Georgios},
  booktitle={Informatics (PCI), 2011 15th Panhellenic Conference on},
  pages={68--72},
  year={2011},
  organization={IEEE}
}

@inproceedings{yuan2014labsandtools,
  title={Developing Faculty Expertise in Information Assurance through Case Studies and Hands-On Experiences},
  author={Yuan, Xiaohong and Williams, Kenneth and Yu, Huiming and Chu, Bei-Tseng and Rorrer, Audrey and Yang, Li and Winters, Kathy and Kizza, Joseph},
  booktitle={System Sciences (HICSS), 2014 47th Hawaii International Conference on},
  pages={4938--4945},
  year={2014},
  organization={IEEE}
}

@inproceedings{cook2012good,
  title={When good Ninjas turn bad: Preventing your students from becoming the threat},
  author={Cook, Thomas and Conti, Gregory and Raymond, David},
  booktitle={Proc. 16th Colloquium for Information System Security Education},
  pages={61--67},
  year={2012}
}

@inproceedings{salah2014harnessing,
  title={Harnessing the cloud for teaching cybersecurity},
  author={Salah, Khaled},
  booktitle={Proceedings of the 45th ACM technical symposium on Computer science education},
  pages={529--534},
  year={2014},
  organization={ACM}
}
